@inproceedings{Weiser81,
  author = {Weiser, Mark},
  title = {{Program slicing}},
  year = {1981},
  booktitle = {Proceedings of the 5th International Conference on Software Engineering},
  pages = {439--449},
}

@inproceedings{minotaur,
  title = {{Minotaur: A SIMD-Oriented synthesizing superoptimizer}},
  author = {Liu, Zhengyang and Mada, Stefan and Regehr, John},
  year = {2024},
  booktitle = {Proceedings of the ACM on Programming Languages},
  pages={1561--1585},
}


@inproceedings{denali02,
  author = {Joshi, Rajeev and Nelson, Greg and Randall, Keith},
  title = {{Denali: A goal-directed superoptimizer}},
  year = {2002},
  booktitle = {SIGPLAN Notices},
  pages = {304-314},
}

@inproceedings{Dutertre15,
  author = {Dutertre, Bruno},
  title = {{Solving exists/forall problems with yices}},
  year = {2015},
  booktitle = {Proceedings of the International Workshop on Satisfiability Modulo Theories},
}


@inproceedings{peep84,
  author = {Davidson, Jack W. and Fraser, Christopher W.},
  title = {{Automatic generation of peephole optimizations}},
  year = {1984},
  pages = {111--116},
  booktitle = {Proceedings of the SIGPLAN Symposium on Compiler Construction},
}

@inproceedings{alive2,
  author = {Lopes, Nuno P. and Lee, Juneyoung and Hur, Chung-Kil and Liu, Zhengyang and Regehr, John},
  title = {{Alive2: Bounded translation validation for LLVM}},
  year = {2021},
  booktitle = {Proceedings of the ACM SIGPLAN Conference on Programming Language Design and Implementation},
  pages = {65--79},
}

@inproceedings{taming,
  author = {Lee, Juneyoung and Kim, Yoonseung and Song, Youngju and Hur, Chung-Kil and Das, Sanjoy and Majnemer, David and Regehr, John and Lopes, Nuno P.},
  title = {{Taming undefined behavior in LLVM}},
  year = {2017},
  booktitle = {Proceedings of the ACM SIGPLAN Conference on Programming Language Design and Implementation},
  pages = {633--647},
}


@article{souper,
  title={Souper: A synthesizing superoptimizer},
  author={Sasnauskas, Raimondas and Chen, Yang and Collingbourne, Peter and Ketema, Jeroen and Lup, Gratian and Taneja, Jubi and Regehr, John},
  journal={arXiv preprint arXiv:1711.04422},
  year={2017}
}

@inproceedings{ithemal,
  title={Ithemal: Accurate, portable and fast basic block throughput estimation using deep neural networks},
  author={Mendis, Charith and Renda, Alex and Amarasinghe, Saman and Carbin, Michael},
  booktitle={International Conference on Machine Learning},
  pages={4505--4515},
  year={2019},
}

@inproceedings{llvm,
  author    = {Lattner, Chris and Adve, Vikram},
  title     = {{LLVM: A compilation framework for lifelong program analysis \& transformation}},
  booktitle = {Proceedings of the International Symposium on Code Generation and Optimization},
  year      = {2004},
  pages     = {75--86},
}

@inproceedings{ml_syn,
  author = {Cowan, Meghan and Moreau, Thierry and Chen, Tianqi and Bornholt, James and Ceze, Luis},
  title = {{Automatic generation of high-performance quantized machine learning kernels}},
  year = {2020},
  booktitle = {Proceedings of the International Symposium on Code Generation and Optimization},
  pages = {305--1316},
}

@inproceedings{rosette,
  author = {Torlak, Emina and Bodik, Rastislav},
  title = {{Growing solver-aided languages with Rosette}},
  year = {2013},
  booktitle = {Proceedings of the ACM International Symposium on New Ideas, New Paradigms, and Reflections on Programming \& Software},
  pages = {135--152},
}

@inproceedings{sparse,
  author = {Horro, Marcos and Pouchet, Louis-No\"el and Rodr√≠guez, Gabriel and Tourino, Juan},
  title = {{Custom high-performance vector code generation for data-specific sparse computations}},
  year = {2022},
  pages = {160--1171},
  booktitle = {Proceedings of the International Conference on Parallel Architectures and Compilation Techniques},
}


@inproceedings{slp,
  author = {Larsen, Samuel and Amarasinghe, Saman},
  title = {{Exploiting superword level parallelism with multimedia instruction sets}},
  year = {2000},
  booktitle = {Proceedings of the ACM SIGPLAN Conference on Programming Language Design and Implementation},
  pages = {145--156},
}

@inproceedings{rake,
  author = {Ahmad, Maaz Bin Safeer and Root, Alexander J. and Adams, Andrew and Kamil, Shoaib and Cheung, Alvin},
  title = {{Vector instruction selection for digital signal processors using program synthesis}},
  year = {2022},
  booktitle = {Proceedings of the ACM International Conference on Architectural Support for Programming Languages and Operating Systems},
  pages = {1004--1016},
}

@inproceedings{vegen,
  author = {Chen, Yishen and Mendis, Charith and Carbin, Michael and Amarasinghe, Saman},
  title = {{VeGen: A vectorizer generator for SIMD and beyond}},
  year = {2021},
  booktitle = {Proceedings of the ACM International Conference on Architectural Support for Programming Languages and Operating Systems},
  pages = {902--914},
}


@inproceedings{stoke,
  author = {Schkufza, Eric and Sharma, Rahul and Aiken, Alex},
  title = {{Stochastic superoptimization}},
  year = {2013},
  booktitle = {Proceedings of the ACM International Conference on Architectural Support for Programming Languages and Operating Systems},
  pages = {305--316},
}

@inproceedings{Bansal06,
  author = {Bansal, Sorav and Aiken, Alex},
  title = {{Automatic generation of peephole superoptimizers}},
  year = {2006},
  booktitle = {Proceedings of the ACM International Conference on Architectural Support for Programming Languages and Operating Systems},
  pages = {394--403},
}

@inproceedings{diospyros,
  author = {VanHattum, Alexa and Nigam, Rachit and Lee, Vincent T. and Bornholt, James and Sampson, Adrian},
  title = {{Vectorization for digital signal processors via equality saturation}},
  year = {2021},
  booktitle = {Proceedings of the ACM International Conference on Architectural Support for Programming Languages and Operating Systems},
  pages = {874--886},
}

@inproceedings{swizzleinventor,
  author = {Phothilimthana, Phitchaya Mangpo and Elliott, Archibald Samuel and Wang, An and Jangda, Abhinav and Hagedorn, Bastian and Barthels, Henrik and Kaufman, Samuel J. and Grover, Vinod and Torlak, Emina and Bodik, Rastislav},
  title = {{Swizzle inventor: Data movement synthesis for GPU kernels}},
  year = {2019},
  booktitle = {Proceedings of the ACM International Conference on Architectural Support for Programming Languages and Operating Systems},
  pages = {65--78},
}

@inproceedings{massalin,
  author = {Massalin, Henry},
  title = {{Superoptimizer: A look at the smallest program}},
  year = {1987},
  booktitle = {Proceedings of the ACM International Conference on Architectual Support for Programming Languages and Operating Systems},
  pages = {122--126},
}

@inproceedings{halide,
  author = {Ragan-Kelley, Jonathan and Adams, Andrew and Sharlet, Dillon and Barnes, Connelly and Paris, Sylvain and Levoy, Marc and Amarasinghe, Saman and Durand, Fr\'{e}do},
  title = {{Halide: Decoupling algorithms from schedules for high-performance image processing}},
  year = {2017},
  booktitle = {Communications of the ACM},
  pages = {106--115},
}

@inproceedings{peephole-gen,
  author = {Davidson, Jack W. and Fraser, Christopher W.},
  title = {{Automatic generation of peephole optimizations}},
  year = {2004},
  booktitle = {SIGPLAN Notices},
  pages = {104--111},
}

@inproceedings{optgen,
  title={{Optgen: A generator for local optimizations}},
  author={Buchwald, Sebastian},
  booktitle={Proceedings of the International Conference on Compiler Construction},
  pages={171--189},
  year={2015},
}

@inproceedings{sccl,
  author = {Cai, Zixian and Liu, Zhengyang and Maleki, Saeed and Musuvathi, Madanlal and Mytkowicz, Todd and Nelson, Jacob and Saarikivi, Olli},
  title = {{Synthesizing optimal collective algorithms}},
  year = {2021},
  booktitle = {Proceedings of the ACM SIGPLAN Symposium on Principles and Practice of Parallel Programming},
  pages = {62--75},
}

@inproceedings{sketch,
  author = {Solar-Lezama, Armando},
  title = {{The sketching approach to program synthesis}},
  year = {2009},
  booktitle = {Proceedings of the Asian Symposium on Programming Languages and Systems},
  pages = {4--13},
}

@inproceedings{equalitysat,
  author = {Tate, Ross and Stepp, Michael and Tatlock, Zachary and Lerner, Sorin},
  title = {{Equality saturation: A new approach to optimization}},
  year = {2009},
  booktitle = {Proceedings of the ACM Symposium on Principles of Programming Languages},
  pages = {264--276},
}

@inproceedings{z3,
  title={{Z3: An efficient SMT solver}},
  author={De Moura, Leonardo and Bj{\o}rner, Nikolaj},
  booktitle={Proceedings of the International Conference on Tools and Algorithms for the Construction and Analysis of Systems},
  pages={337--340},
  year={2008},
}


@inproceedings{laukemann,
  title={{Automatic throughput and critical path analysis of x86 and ARM assembly kernels}},
  author={Laukemann, Jan and Hammer, Julian and Hager, Georg and Wellein, Gerhard},
  booktitle={Proceedings of the IEEE/ACM Performance Modeling, Benchmarking and Simulation of High Performance Computer Systems (PMBS)},
  pages={1--6},
  year={2019},
}

@inproceedings{conditionally,
  title={{Conditionally correct superoptimization}},
  author={Sharma, Rahul and Schkufza, Eric and Churchill, Berkeley and Aiken, Alex},
  booktitle={SIGPLAN Notices},
  pages = {147--162},
  year={2015},
  publisher={ACM New York, NY, USA}
}

 @article{woodruff2023rewriting,
  title={{Rewriting history: Repurposing domain-specific CGRAs}},
  author={Woodruff, Jackson and Koehler, Thomas and Brauckmann, Alexander and Cummins, Chris and Ainsworth, Sam and O'Boyle, Michael FP},
  journal={arXiv preprint arXiv:2309.09112},
  year={2023}
}


@inproceedings{hockney1994communication,
  title={{The communication challenge for MPP: Intel Paragon and Meiko CS-2}},
  author={Hockney, Roger W},
  booktitle={Parallel computing},
  pages={389--398},
  year={1994},
}

@inproceedings{chan2007collective,
  title={{Collective communication: theory, practice, and experience}},
  author={Chan, Ernie and Heimlich, Marcel and Purkayastha, Avi and Van De Geijn, Robert},
  booktitle={Concurrency and Computation: Practice and Experience},
  pages={1749--1783},
  year={2007},
}

@inproceedings{pjevsivac2007performance,
  title={{Performance analysis of MPI collective operations}},
  author={Pje{\v{s}}ivac-Grbovi{\'c}, Jelena and Angskun, Thara and Bosilca, George and Fagg, Graham E and Gabriel, Edgar and Dongarra, Jack J},
  booktitle={Cluster Computing},
  pages={127--143},
  year={2007},
}

@inproceedings{mpich,
  title = {{A high-performance, portable implementation of the MPI message passing interface standard}},
  author = "Gropp, William and Lusk, Ewing and Doss, Nathan and Skjellum, Anthony",
  booktitle = "Parallel Computing",
  pages = {789--828},
  year = "1996",
}

@inproceedings{thakur2005optimization,
  title = {{Optimization of collective communication operations in MPICH}},
  author = {Thakur, Rajeev and Rabenseifner, Rolf and Gropp, William},
  booktitle={The International Journal of High Performance Computing Applications},
  pages = {49--66},
  year={2005},
}

@inproceedings{barnett1993global,
  title={{Global combine on mesh architectures with wormhole routing}},
  author={Barnett, Michael and Littlefield, Rick and Payne, David G and van de Geijn, Robert},
  booktitle={Proceedings of the International Parallel Processing Symposium},
  pages={156--162},
  year={1993},
}

@inproceedings{scott1991efficient,
  title={{Efficient all-to-all communication patterns in hypercube and mesh topologies}},
  author={Scott, David S},
  booktitle={Proceedings of the Distributed Memory Computing Conference},
  pages={398--399},
  year={1991},
}

@inproceedings{bokhari1992complete,
  title={{Complete exchange on a circuit switched mesh}},
  author={Bokhari, Shahid H and Berryman, Harry},
  booktitle={Proceedings of the Scalable High Performance Computing Conference},
  pages={300--301},
  year={1992},
}

@inproceedings{sanders2002hierarchical,
  title={{The hierarchical factor algorithm for all-to-all communication}},
  author={Sanders, Peter and Tr{\"a}ff, Jesper Larsson},
  booktitle={Proceedings of the European Conference on Parallel Processing},
  pages={799--803},
  year={2002},
}

@inproceedings{sistare1999optimization,
  title={{Optimization of MPI collectives on clusters of large-scale SMP's}},
  author={Sistare, Steve and Vandevaart, Rolf and Loh, Eugene},
  booktitle={Proceedings of the ACM/IEEE conference on Supercomputing},
  pages={23--37},
  year={1999}
}

@inproceedings{tipparaju2003fast,
  title={{Fast collective operations using shared and remote memory access protocols on clusters}},
  author={Tipparaju, Vinod and Nieplocha, Jarek and Panda, Dhabaleswar},
  booktitle={Proceedings of the International Parallel and Distributed Processing Symposium},
  pages={1--10},
  year={2003},
}

@inproceedings{traff2002improved,
  title={{Improved MPI all-to-all communication on a Giganet SMP cluster}},
  author={Tr{\"a}ff, Jesper Larsson},
  booktitle={Proceedings of the European Parallel Virtual Machine/Message Passing Interface Users‚Äô Group Meeting},
  pages={392--400},
  year={2002},
}

@inproceedings{bruck1997efficient,
  title={{Efficient algorithms for all-to-all communications in multiport message-passing systems}},
  author={Bruck, Jehoshua and Ho, Ching-Tien and Kipnis, Shlomo and Upfal, Eli and Weathersby, Derrick},
  booktitle={IEEE Transactions on parallel and distributed systems},
  pages={1143--1156},
  year={1997},
}


@inproceedings{gabriel2004open,
  title={{Open MPI: Goals, concept, and design of a next generation MPI implementation}},
  author={Gabriel, Edgar and Fagg, Graham E and Bosilca, George and Angskun, Thara and Dongarra, Jack J and Squyres, Jeffrey M and Sahay, Vishal and Kambadur, Prabhanjan and Barrett, Brian and Lumsdaine, Andrew and others},
  booktitle={Proceedings of the European Parallel Virtual Machine/Message Passing Interface Users‚Äô Group Meeting},
  pages={97--104},
  year={2004},
}

@inproceedings{barnett1994building,
  title={{Building a high-performance collective communication library}},
  author={Barnett, Mike and Gupta, Satya and Payne, David G and Shuler, Lance and van de Geijn, Robert and Watts, Jerrell},
  booktitle={Proceedings of the ACM/IEEE Conference on Supercomputing},
  pages={107--116},
  year={1994},
}

@inproceedings{wangt2018blink,
  title={{Blink: A fast NVLink-based collective communication library}},
  author={Wangt, Guanhua and Phanishayee, Amar and Venkataraman, Shivaram and Stoicat, Ion},
  booktitle={{Proceedings of the Conference on Machine Learning and Systems}},
  year={2018}
}

@article{wang2020blink,
  title={Blink: Fast and Generic Collectives for Distributed ML},
  author={Wang, Guanhua and Venkataraman, Shivaram and Phanishayee, Amar and Thelin, Jorgen and Devanur, Nikhil and Stoica, Ion},
  journal={arXiv preprint arXiv:1910.04940},
  year={2019}
}

@inproceedings{zhang2017poseidon,
  title={{Poseidon: An efficient communication architecture for distributed deep learning on GPU clusters}},
  author={Zhang, Hao and Zheng, Zeyu and Xu, Shizhen and Dai, Wei and Ho, Qirong and Liang, Xiaodan and Hu, Zhiting and Wei, Jinliang and Xie, Pengtao and Xing, Eric P},
  booktitle={{Proceedings of the USENIX Annual Technical Conference}},
  pages={181--193},
  year={2017}
}

@inproceedings{jayarajan2019priority,
  title={{Priority-based parameter propagation for distributed DNN training}},
  author={Jayarajan, Anand and Wei, Jinliang and Gibson, Garth and Fedorova, Alexandra and Pekhimenko, Gennady},
  booktitle = {{Proceedings of the Conference on Machine Learning and Systems}},
  year = {2019},
  pages={132--145},
}

@inproceedings{hashemi2019tictac,
  title={{TicTac: Accelerating distributed deep learning with communication scheduling}},
  author={Hashemi, Sayed Hadi and Jyothi, Sangeetha Abdu and Campbell, Roy H},
  booktitle = {{Proceedings of the Conference on Machine Learning and Systems}},
  year = {2019},
  pages={418--430},
}

@inproceedings{peng2019generic,
  title={{A generic communication scheduler for distributed dnn training acceleration}},
  author={Peng, Yanghua and Zhu, Yibo and Chen, Yangrui and Bao, Yixin and Yi, Bairen and Lan, Chang and Wu, Chuan and Guo, Chuanxiong},
  booktitle={{Proceedings of the ACM Symposium on Operating Systems Principles}},
  pages={16--29},
  year={2019}
}

@inproceedings{gdrcopy,
  title={{Designing efficient small message transfer mechanism for inter-node MPI communication on InfiniBand GPU clusters}},
  author={Shi, Rong and Potluri, Sreeram and Hamidouche, Khaled and Perkins, Jonathan and Li, Mingzhe and Rossetti, Davide and Panda, Dhabaleswar K. D K},
  booktitle={Proceedings of the International Conference on High Performance Computing},
  year={2014},
  pages={1--10},
}

@article{alex2018horovod,
  title={Horovod: fast and easy distributed deep learning in TensorFlow},
  author={Sergeev, Alexander and Del Balso, Mike},
  journal={arXiv preprint arXiv:1802.05799},
  year={2018}
}

@inproceedings{blueconnect,
  title={{BlueConnect: Decomposing all-reduce for deep learning on heterogeneous network hierarchy}},
  author={Cho, Minsik and Finkler, Ulrich and Serrano, Mauricio and Kung, David and Hunter, Hillery},
  booktitle={IBM Journal of Research and Development},
  year={2019},
  pages={1--11},
}

@inproceedings{plink,
 title = {{PLink: Discovering and exploiting locality for accelerated distributed training on the public cloud}},
 author = {Luo, Liang and West, Peter and Nelson, Jacob and Krishnamurthy, Arvind and Ceze, Luis},
 booktitle = {{Proceedings of the Conference on Machine Learning and Systems}},
 pages = {82--97},
 year = {2020}
}

@inproceedings{havlak,
  title={{Nesting of reducible and irreducible loops}},
  author={Havlak, Paul},
  booktitle={ACM Transactions on Programming Languages and Systems},
  pages={557--567},
  year={1997},
}

@inproceedings{difftune,
  title={{Difftune: Optimizing cpu simulator parameters with learned differentiable surrogates}},
  author={Renda, Alex and Chen, Yishen and Mendis, Charith and Carbin, Michael},
  booktitle={Proceedings of the IEEE/ACM International Symposium on Microarchitecture},
  pages={442--455},
  year={2020},
  organization={IEEE}
}

@inproceedings{alphabeta,
	title={{Evaluating modern GPU interconnect: PCIe, NVLink, NV-SLI, NVSwitch and GPUDirect}},
	author={Li, Ang and Song, Shuaiwen Leon and Chen, Jieyang and Li, Jiajia and Liu, Xu and Tallent, Nathan R. and Barker, Kevin J.},
	booktitle={IEEE Transactions on Parallel and Distributed Systems},
	year={2020},
	pages={94--110},
}

@inproceedings{barrett2018satisfiability,
  title = {{Satisfiability modulo theories}},
  author = {Barrett, Clark and Tinelli, Cesare},
  booktitle = {Handbook of model checking},
  pages={305--343},
  year={2018},
}

 @inproceedings{OpenMPI,
  author =	 {Hursey, Joshua and Mallove, Ethan and Squyres, Jeffrey M. and Lumsdaine, Andrew},
  title =	 {{An extensible Ffamework for distributed testing of MPI implementations}},
  booktitle = {Proceedings of the European Parallel Virtual Machine/Message Passing Interface Users‚Äô Group Meeting},
  year = 2007,
  pages={64--72},
}

@inproceedings{spec2017,
  title = {{SPEC CPU2017: Next-Generation compute benchmark}},
  author = {Bucek, James and Lange, Klaus-Dieter and v. Kistowski, J\'{o}akim},
  year = {2018},
  booktitle = {Companion of the 2018 ACM/SPEC International Conference on Performance Engineering},
  pages = {41--42},
}

@inproceedings{nvlink1,
  title={{Ultra-performance pascal GPU and NVLink interconnect}},
  author={Foley, Denis and Danskin, John},
  booktitle={IEEE Micro},
  year={2017},
  pages={7--17},
}

@inproceedings{nvlink2,
  title={{Volta: Performance and programmability}},
  author={Choquette, Jack and Giroux, Olivier and Foley, Denis},
  booktitle={IEEE Micro},
  year={2018},
  pages={42--52},
}

@misc{intelmanual,
  title = {{Intel 64 and IA-32 architectures software developer manuals}},
  author = "{Intel}",
  howpublished = {\url{https://www.intel.com/content/www/us/en/developer/articles/technical/intel-sdm.html}},
  note = {Accessed: 02/19/2025}
}

@misc{killundef,
  title = {{RFC: Killing undef and spreading poison}},
  author = "{LLVM Developers}",
  howpublished = {\url{https://lists.llvm.org/pipermail/llvm-dev/2016-December/107840.html}},
  note = {Accessed: 02/19/2025}
}

@misc{llvmmca,
  title = {{LLVM machine code analyzer}},
  author = "{LLVM Developers}",
  howpublished = {\url{https://llvm.org/docs/CommandGuide/llvm-mca.html}},
  note = {Accessed: 02/19/2025}
}

@misc{MemorySSA,
  title = {{MemorySSA}},
  author = "{{LLVM} Developers}",
  howpublished = {\url{https://llvm.org/docs/MemorySSA.html}},
  note = {Accessed: 02/19/2025}
}


@misc{loopinfo,
  title = {{LLVM loop terminology (and canonical forms)}},
  author = "{LLVM Developers}",
  howpublished = {\url{https://llvm.org/docs/LoopTerminology.html}},
  note = {Accessed: 02/19/2025}
}

@misc{hexagon,
  author = {{Qualcomm Technologies}},
  title = {{Hexagon DSP SDK}},
  howpublished = {\url{https://developer.qualcomm.com/software/hexagon-dsp-sdk}},
  note = {Accessed: 02/19/2025}
}

@misc{orc,
  title = {{ORC design and implementation}},
  author = "{LLVM Developers}",
  howpublished = {\url{https://llvm.org/docs/ORCv2.html}},
  note = {Accessed: 02/19/2025}
}

@misc{InstCombine,
  title = {{InstCombine contributor guide}},
  author = "{LLVM Developers}",
  howpublished = {\url{https://llvm.org/docs/InstCombineContributorGuide.html}},
  note = {Accessed: 02/19/2025}
}

@misc{llvmvectorizers,
  title = {{Auto-vectorization in LLVM}},
  author = "{LLVM Developers}",
  howpublished = {\url{https://llvm.org/docs/Vectorizers.html}},
  note = {Accessed: 02/19/2025}
}

@misc{tti,
  title = {{TargetTransformInfo class reference}},
  author = "{LLVM Developers}",
  howpublished = {\url{https://llvm.org/doxygen/classllvm\_1\_1TargetTransformInfo.html}},
  note = {Accessed: 02/19/2025}
}

@misc{neon,
  title = {{ARM NEON architecture}},
  author = "{ARM}",
  howpublished = {\url{https://developer.arm.com/Architectures/Neon}},
  note = {Accessed: 02/19/2025}
}

@misc{intelguide,
  title = {{Intel intrinsics guide}},
  author = "{Intel}",
  howpublished = {\url{https://www.intel.com/content/www/us/en/docs/intrinsics-guide/index.html}},
  note = {Accessed: 02/19/2025}
}

@misc{cascadelake,
  title = {{Cascade Lake: Overview}},
  author = "{Intel}",
  howpublished = {\url{https://www.intel.com/content/www/us/en/products/platforms/details/cascade-lake.html}},
  note = {Accessed: 02/19/2025}
}

@misc{zen3,
  title = {{AMD Zen core architecture}},
  author = "{Advanced Micro Devices}",
  howpublished = {\url{https://www.amd.com/en/technologies/zen-core.html}},
  note = {Accessed: 02/19/2025}
}

@misc{mi50,
  title = {{AMD Radeon Instinct MI50 accelerator specifications}},
  author = "{Advanced Micro Devices}",
  howpublished = {\url{https://www.amd.com/en/support/downloads/drivers.html/accelerators/instinct/instinct-mi-series/instinct-mi50.html}},
  note = {Accessed: 02/19/2025}
}

@misc{rccl,
  title = {{ROCm communication collectives library}},
  author = "{Advanced Micro Devices}",
  howpublished = {\url{https://github.com/ROCmSoftwarePlatform/rccl}},
  note = {Accessed: 02/19/2025}
}

@misc{tpu,
  title = {{Google cloud tensor processing units}},
  author = "{Google}",
  howpublished = {\url{https://cloud.google.com/tpu}},
  note = {Accessed: 02/19/2025}
}

@misc{graphcore,
  title = {{Graphcore intelligence processing unit}},
  author = {Graphcore},
  howpublished = {\url{https://www.graphcore.ai/products/ipu}},
  note = {Accessed: 02/19/2025}
}

@misc{gloo,
  title = {{Gloo collective communications library}},
  author = {{Facebook}},
  howpublished = {\url{https://github.com/facebookincubator/gloo}},
  note = {Accessed: 02/19/2025}
}

@misc{ucx,
  title = {{Unified Communication X documentation}},
  author = {{Unified Communication X}},
  howpublished = {\url{https://openucx.org/documentation/}},
  note = {Accessed: 02/19/2025}
}

@misc{nccl,
  title = {{NVIDIA collective communications library}},
  author = {{NVIDIA}},
  howpublished = {\url{https://github.com/NVIDIA/nccl}},
  note = {Accessed: 02/19/2025}
}

@misc{dongarra2013mpi,
  title={{MPI: A message-passing interface standard version 3.0}},
  author={Dongarra, Jack and others},
  howpublished={\url{https://www.mpi-forum.org/docs/mpi-3.0/mpi30-report.pdf}},
  note = {Accessed: 02/19/2025}
}

@misc{Sands11,
  author = "Sands, Duncan",
  title = {{Super-optimizing LLVM IR}},
  howpublished = {\url{http://llvm.org/devmtg/2011-11/Sands_Super-optimizingLLVMIR.pdf}},
  note = {Accessed: 02/19/2025}
}
